@inproceedings{park1998enhanced,
  title={The enhanced compact QP method for redundant manipulators using practical inequality constraints},
  author={Park, Ki Cheol and Chang, Pyung Hun and Kim, Seung Ho},
  booktitle={Robotics and Automation, 1998. Proceedings. 1998 IEEE International Conference on},
  volume={1},
  pages={107--114},
  year={1998},
  organization={IEEE}
}

@inproceedings{meguenani2015control,
  title={Control of robots sharing their workspace with humans: an energetic approach to safety},
  author={Meguenani, Anis and Padois, Vincent and Bidaud, Philippe},
  booktitle={Intelligent Robots and Systems (IROS), 2015 IEEE/RSJ International Conference on},
  pages={4678--4684},
  year={2015},
  organization={IEEE}
}



@inproceedings{merlhiot2012,
   author = {Merlhiot, X. and Garrec,  J.L. and Saupin, G. and Andriot,C.},
  title = {The XDE mechanical kernel: efficient and robust simulation of multibody dynamics with intermittent nonsmooth contacts},
 booktitle={International Conference on Multibody System Dynamics},
 address = {Stuttgart, Germany},
  year = {2012}
}

@inproceedings{alami2006safe,
  title={Safe and dependable physical human-robot interaction in anthropic domains: State of the art and challenges},
  author={Alami, R. and Albu-Schaeffer, A. and Bicchi, A. and Bischoff, R. and Chatila, R. and De Luca, A. and De Santis, A. and Giralt, G. and Guiochet, J. and Hirzinger, G. and others},
  booktitle={Intelligent Robots and Systems, 2006 IEEE/RSJ International Conference on},
  pages={1--16},
  year={2006},
  organization={IEEE}
}

@article{zinn2004,
  title={Playing it safe [human-friendly robots]},
  author={Zinn, Michael and Khatib, Oussama and Roth, Bernard and Salisbury, J Kenneth},
  journal={Robotics \& Automation Magazine, IEEE},
  volume={11},
  number={2},
  pages={12--21},
  year={2004},
  publisher={IEEE}
}

@inproceedings{haddadin2012,
  title={Rigid vs. elastic actuation: Requirements \& performance},
  author={Haddadin, Sami and Mansfeld, Nico and Albu-Sch{\"a}ffer, A},
  booktitle={Intelligent Robots and Systems (IROS), 2012 IEEE/RSJ International Conference on},
  pages={5097--5104},
  year={2012},
  organization={IEEE}
}

@inproceedings{bischoff2010kuka,
  title={The KUKA-DLR Lightweight Robot arm-a new reference platform for robotics research and manufacturing},
  author={Bischoff, Rainer and Kurth, Johannes and Schreiber, G{\"u}nter and Koeppe, Ralf and Albu-Sch{\"a}ffer, Alin and Beyer, Alexander and Eiberger, Oliver and Haddadin, Sami and Stemmer, Andreas and Grunwald, Gerhard and others},
  booktitle={41st International Symposium on Robotics},
  pages={1--8},
  year={2010}
}

@article{loughlin2007dlr,
  title={The DLR lightweight robot: design and control concepts for robots in human environments},
  author={Loughlin, Clive and Albu-Sch{\"a}ffer, A and Haddadin, S and Ott, Ch and Stemmer, A and Wimb{\"o}ck, T and Hirzinger, G},
  journal={Industrial Robot},
  volume={34},
  number={5},
  pages={376--385},
  year={2007}
}

@inproceedings{hirzinger2001,
 title={On a new generation of torque controlled light-weight robots},
 author={Hirzinger, Gerd and Albu-Sch{\"a}ffer, A and Hahnle, M and Schaefer, Ingo and Sporer, Norbert},
 booktitle={IEEE International Conference on Robotics and Automation},
 volume={4},
 pages={3356--3363},
 year={2001}
}


@inproceedings{ebert2002safe,
 title={Safe human-robot-cooperation: Image-based collision detection for industrial robots},
 author={Ebert, Dirk M and Henrich, Dominik D},
 booktitle={IEEE/RSJ International Conference On Intelligent Robots and Systems},
 pages={1826--1831},
 year={2002}
}

@article{lumelsky1993real,
 title={Real-time collision avoidance in teleoperated whole-sensitive robot arm manipulators},
 author={Lumelsky, Vladimir J and Cheung, Edward},
 journal={ IEEE Transactions on Systems, Man and Cybernetics},
 volume={23},
 number={1},
 pages={194--203},
 year={1993},
 publisher={IEEE}

}

@article{ikuta2003safety,
 title={Safety evaluation method of design and control for human-care robots},
 author={Ikuta, Koji and Ishii, Hideki and Nokata, Makoto},
 journal={The International Journal of Robotics Research},
 volume={22},
 number={5},
 pages={281--297},
 year={2003},
 publisher={SAGE Publications}
}

@inproceedings{haddadin2008collision,
 title={Collision detection and reaction: A contribution to safe physical human-robot interaction},
 author={Haddadin, Sami and Albu-Sch{\"a}ffer, Alin and De Luca, Alessandro and Hirzinger, Gerd},
 booktitle={IEEE/RSJ International Conference on Intelligent Robots and Systems},
 pages={3356--3363},
 year={2008}
}

@inproceedings{de2006collision,
 title={Collision detection and safe reaction with the DLR-III lightweight manipulator arm},
 author={De Luca, Alessandro and Albu-Sch{\"a}ffer, Alin and Haddadin, Sami and Hirzinger, Gerd},
 booktitle={IEEE/RSJ International Conference on Intelligent Robots and Systems},
 pages={1623--1630},
 year={2006}
}

@article{heinzmann2003quantitative,
 title={Quantitative safety guarantees for physical human-robot interaction},
 author={Heinzmann, Jochen and Zelinsky, Alexander},
 journal={The International Journal of Robotics Research},
 volume={22},
 number={7-8},
 pages={479--504},
 year={2003},
 publisher={SAGE Publications}
}

@inproceedings{haddadin2012truly,
 title={A truly safely moving robot has to know what injury it may cause},
 author={Haddadin, S. and Khoury, A. and Rokahr, T. and Parusel, S. and Burgkart, R. and Bicchi, A. and Albu-Sch{\"a}ffer, A.},
 booktitle={IEEE/RSJ International Conference on Intelligent Robots and Systems},
 pages={5406--5413},
 year={2012}
}

@inproceedings{de2008exploiting,
 title={Exploiting robot redundancy in collision detection and reaction},
 author={De Luca, Alessandro and Ferrajoli, Lorenzo},
 booktitle={IEEE/RSJ International Conference on Intelligent Robots and Systems},
 pages={3299--3305},
 year={2008}
}

@article{khatib1995inertial,
 title={Inertial properties in robotic manipulation: An object-level framework},
 author={Khatib, Oussama},
 journal={The International Journal of Robotics Research},
 volume={14},
 number={1},
 pages={19--36},
 year={1995},
 publisher={Sage Publications}
}





@article{rubrecht-AutonomousRobots2012,
   title = {Motion safety and constraints compatibility for multibody robots},
   author = {Rubrecht, S\'{e}bastien and Padois, Vincent and Bidaud, Philippe and De Broissia, Michel and Da Silva Simoes, Max},
   journal = {Autonomous Robots},
   publisher = {Springer Netherlands},
   volume = {32},
   number = {3},
   pages={333-349},
   doi = {10.1007/s10514-011-9264-x },
   http = {http://hal.archives-ouvertes.fr/hal-00719855/en},
   year = {2012}
   }

@book{boyd2004,
  title={Convex optimization},
  author={Boyd, Stephen and Vandenberghe, Lieven},
  year={2004},
  publisher={Cambridge university press}
}

@article{walker1994,
  title={Impact configurations and measures for kinematically redundant and multiple armed robot systems},
  author={Walker, Ian D},
  journal={IEEE Transactions on Robotics and Automation},
  volume={10},
  number={5},
  pages={670--683},
  year={1994},
  publisher={IEEE}
}

@misc{gurobi,
author = {{Gurobi Optimization Inc.}},
title = "Gurobi Optimizer Reference Manual",
year = 2015,
url = "http://www.gurobi.com"
}







@inproceedings{decre2009extending,
  title={Extending iTaSC to support inequality constraints and non-instantaneous task specification},
  author={Decr{\'e}, Wilm and Smits, Ruben and Bruyninckx, Herman and De Schutter, Joris},
  booktitle={Robotics and Automation, 2009. ICRA'09. IEEE International Conference on},
  pages={964--971},
  year={2009},
  organization={IEEE}
}

@inproceedings{rubrecht2010constraints,
  title={Constraints Compliant Control: constraints compatibility and the displaced configuration approach},
  author={Rubrecht, S{\'e}bastien and Padois, Vincent and Bidaud, Philippe and De Broissia, Michel},
  booktitle={Intelligent Robots and Systems (IROS), 2010 IEEE/RSJ International Conference on},
  pages={677--684},
  year={2010},
  organization={IEEE}
}

@inproceedings{lange2014predictive,
  title={Predictive path-accurate scaling of a sensor-based defined trajectory},
  author={Lange, Friedrich and Suppa, Michael},
  booktitle={2014 IEEE International Conference on Robotics and Automation (ICRA)},
  pages={754--759},
  year={2014},
  organization={IEEE}
}

@inproceedings{lange2015trajectory,
  title={Trajectory generation for immediate path-accurate jerk-limited stopping of industrial robots},
  author={Lange, Friedrich and Suppa, Michael},
  booktitle={2015 IEEE International Conference on Robotics and Automation (ICRA)},
  pages={2021--2026},
  year={2015},
  organization={IEEE}
}

@inproceedings{ngo2005passivity,
  title={Passivity-based control of robot manipulators subject to constraints},
  author={Ngo, Khoi B and Mahony, Robert and others},
  booktitle={Proc. of the 2005 Australian Conf. on Robotics and Automation},
  year={2005}
}

@inproceedings{ngo2006bounded,
  title={Bounded torque control for robot manipulators subject to joint velocity constraints},
  author={Ngo, Khoi B and Mahony, Robert},
  booktitle={Proceedings 2006 IEEE International Conference on Robotics and Automation, 2006. ICRA 2006.},
  pages={7--12},
  year={2006},
  organization={IEEE}
}

@article{yoshikawa1985manipulability,
  title={Manipulability of robotic mechanisms},
  author={Yoshikawa, Tsuneo},
  journal={The international journal of Robotics Research},
  volume={4},
  number={2},
  pages={3--9},
  year={1985},
  publisher={Sage Publications}
}

@article{chen1994torque,
  title={Torque optimization schemes for kinematically redundant manipulators},
  author={Chen, Tsing-Hua and Cheng, Fan-Tien and Sun, York-Yih and Hung, Min-Hsiung},
  journal={Journal of Robotic Systems},
  volume={11},
  number={4},
  pages={257--269},
  year={1994},
  publisher={Wiley Online Library}
}

@article{cheng1995improved,
  title={The improved compact QP method for resolving manipulator redundancy},
  author={Cheng, Fan-Tien and Sheu, Rong-Jing and Chen, Tsing-Hua},
  journal={IEEE Transactions on Systems, Man, and Cybernetics},
  volume={25},
  number={11},
  pages={1521--1530},
  year={1995},
  publisher={IEEE}
}

@article{li1997new,
  title={A new method of peak torque reduction with redundant manipulators},
  author={Li, Degao and Goldenberg, Andrew A and Zu, Jean W},
  journal={IEEE Transactions on Robotics and Automation},
  volume={13},
  number={6},
  pages={845--853},
  year={1997},
  publisher={IEEE}
}

@inproceedings{shim1997stabilization,
  title={Stabilization constraint method for torque optimization of a redundant manipulator},
  author={Shim, Ick-Chan and Yoon, Yong-San},
  booktitle={Robotics and Automation, 1997. Proceedings., 1997 IEEE International Conference on},
  volume={3},
  pages={2403--2408},
  year={1997},
  organization={IEEE}
}



@article{ma2002time,
  title={Time-optimal control of kinematically redundant manipulators with limit heat characteristics of actuators},
  author={Ma, Shugen and Watanabe, Mitsuru},
  journal={Advanced Robotics},
  volume={16},
  number={8},
  pages={735--749},
  year={2002},
  publisher={Taylor \& Francis}
}

@PHDTHESIS{salini2012,
  author = {Salini, J.},
  title = {Dynamic control for the task/posture coordination of humanoids: toward
	synthesis of complex activities},
  school = {Universit\'{e} Pierre et Marie Curie},
  year = {2012},
  type = {Ph.D. thesis},
  address = {Paris, France},
  month = {June},
  category = {THDR}
}

@phdthesis{rubrecht2011contributions,
  title={Contributions {\`a} la commande de robots sous contraintes},
  author={Rubrecht, S{\'e}bastien},
  year={2011},
  school={Universit{\'e} Pierre et Marie Curie-Paris VI}
}




@article{opencv_library,
  title={OpenCV},
  author={Bradski, Gary and Kaehler, Adrian},
  journal={Dr. Dobb’s Journal of Software Tools},
  year={2000}
}
@conference {ROS,
	title = {ROS: an open-source Robot Operating System},
	booktitle = {ICRA Workshop on Open Source Software},
	year = {2009},
	attachments = {http://www.willowgarage.com/sites/default/files/icraoss09-ROS.pdf},
	author = {Morgan Quigley and Ken Conley and Brian P. Gerkey and Josh Faust and Tully Foote and Jeremy Leibs and Rob Wheeler and Andrew Y. Ng}
}
@misc{iai_kinect2,
  author = {Wiedemeyer, Thiemo},
  title = {{IAI Kinect2}},
  organization = {Institute for Artificial Intelligence},
  address = {University Bremen},
  year = {2014 -- 2015},
  howpublished = {\url{https://github.com/code-iai/iai_kinect2}},
  note = {Accessed June 12, 2015}
}
@InProceedings{PCL,
  author    = {Radu Bogdan Rusu and Steve Cousins},
  title     = {{3D is here: Point Cloud Library (PCL)}},
  booktitle = {{IEEE International Conference on Robotics and Automation (ICRA)}},
  month     = {May 9-13},
  year      = {2011},
  address   = {Shanghai, China}
}
@article{Kinect,
  title={Microsoft kinect sensor and its effect},
  author={Zhang, Zhengyou},
  journal={IEEE multimedia},
  volume={19},
  number={2},
  pages={4--10},
  year={2012},
  publisher={IEEE}
}


@misc{realtime_URDF_filter,
  author = {Blodow, Nicolas},
  title = {{Realtime URDF Filter}},
  howpublished = {\url{https://github.com/blodow/realtime_urdf_filter}},
}

@incollection{background_substraction,
  title={An improved adaptive background mixture model for real-time tracking with shadow detection},
  author={KaewTraKulPong, Pakorn and Bowden, Richard},
  booktitle={Video-based surveillance systems},
  pages={135--144},
  year={2002},
  publisher={Springer}
}








@inproceedings{schreiber2010fast,
  title={The fast research interface for the kuka lightweight robot},
  author={Schreiber, G{\"u}nter and Stemmer, Andreas and Bischoff, Rainer},
  booktitle = {{IEEE International Conference on Robotics and Automation (ICRA)}},
  year={2010},
  organization={Citeseer}
}





@misc{rtt-url,
  author={Soetens, P.},
  title= {{RTT}: {R}eal-{T}ime {T}oolkit},
  howpublished={\url{http://www.orocos.org/rtt}}
}




@misc{xenomai-url,
  author={Chanteperdrix, Gerum},
  title={Xenomai},
  howpublished={\url{https://xenomai.org}}
}



@misc{rtnet-url,
  author={Marx et al.},
  title={RTnet : Hard Real-Time Networking for Real-Time Linux},
  howpublished={\url{http://rtnet.org}}
}



@misc{kuka-url1,
  author= {Meguenani et al.},
  title= {KUKA : HR no constraints},
  howpublished={\url{http://pages.isir.upmc.fr/~padois/website/fichiers/videos/Kuka_Human_interaction_no_constraints.mp4}}
}


@misc{kuka-url2,
  author= {Meguenani et al.},
  title= {KUKA : HR with constraints},
  howpublished={\url{http://pages.isir.upmc.fr/~padois/website/fichiers/videos/Kuka_Human_interaction_constraints_on_Ec_and_Ep.mp4}}
}



@misc{kuka-url-noconstraints,
  author        = {Meguenani, Padois, Da Silva, Hoarau, Bidaud},
  title         = {{KUKA}: {H}{R} interaction with no constraints},
  howpublished  = {\url{http://pages.isir.upmc.fr/~padois/website/fichiers/videos/Kuka_Human_interaction_no_constraints.mp4}}
}


@misc{kuka-url-fullconstraints,
  author        = {Meguenani, Padois, Da Silva, Hoarau, Bidaud},
  title         = {{KUKA}: {H}{R} interaction with constraints on {E}c and {E}p},
  howpublished  = {\url{http://pages.isir.upmc.fr/~padois/website/fichiers/videos/Kuka_Human_interaction_constraints_on_Ec_and_Ep.mp4}}
}

@misc{rtt-lwr-url,
  author={Hoarau, DaSilva, Ibanez and Padois},
  title= {{rtt-kuka-lwr}: Control software architecture for lightweight robots},
  howpublished={\url{https://www.github.com/kuka-isir/rtt_lwr}}
}


}